@misc{befunge,
  title   = {Befunge-93 Documentation},
  url     = {https://catseye.tc/view/Befunge-93/doc/Befunge-93.markdown},
  journal = {Cat's Eye Technologies},
  author  = {Pressey, Chris},
  year    = {2018}
}

@misc{befunge98,
  title   = {Funge-98 Final Specification},
  url     = {https://catseye.tc/view/Funge-98/doc/funge98.markdown},
  journal = {Cat's Eye Technologies},
  author  = {Pressey, Chris},
  year    = {2018}
}

@article{mazonka2003brainfuck,
  author  = {Mazonka, Olef and Cristofani, Daniel B.},
  title   = {A Very Short Self-Interpreter},
  year    = {2003},
  month   = {nov},
  day     = {21},
  url     = {http://mazonka.com/brainf/10.html}
}

@online{bfTuringComplete,
  author = {Cristofani, Daniel B.},
  title  = {Universal Turing Machine in Brainfuck},
  year   = {2020},
  month  = {nov},
  url    = {http://brainfuck.org/utm.b}
}

@ArtifactSoftware{bfInBefunge,
  title  = {Brainfuck interpreter written in Befunge-98},
  author = {{Matus Goljer}},
  year   = {2009},
  url    = {https://web.archive.org/web/20111108050613/http://fi.muni.cz/~xgoljer/bf.txt},
}

@ArtifactSoftware{duckdb,
  title        = {DuckDB},
  author       = {Raasveldt, Mark and Muehleisen, Hannes},
  organization = {DuckDB Foundation},
  year         = {2023},
  url          = {https://duckdb.org/},
}

@ArtifactSoftware{postgres,
  title        = {PostgreSQL},
  author       = {{PostgreSQL Developers}},
  organization = {The PostgreSQL Global Development Group},
  year         = {2023},
  url          = {https://www.postgresql.org/},
}

@ArtifactSoftware{sqlserver,
  title        = {SQL Server},
  author       = {{SQL Server Team}},
  organization = {Microsoft},
  year         = {2023},
  url          = {https://www.microsoft.com/de-de/sql-server/},
}

@ArtifactSoftware{mysql,
  title        = {My Server},
  author       = {{MySQL Team}},
  organization = {Oracle},
  year         = {2023},
  url          = {https://www.mysql.com/de/},
}

@misc{befungeReferenceDist,
  title   = {Befunge-93 Reference Distribution},
  url     = {https://git.catseye.tc/Befunge-93/},
  journal = {Cat's Eye Technologies},
  author  = {Pressey, Chris},
  year    = {2018}
}

@book{kneusel2022esoteric,
  title     = {Strange Code: Esoteric Languages That Make Programming Fun Again},
  author    = {Ronald T. Kneusel},
  publisher = {No Starch Press},
  isbn      = {1718502400,9781718502406},
  year      = {2022},
  url       = {https://nostarch.com/strange-code}
}

@book{fuller2008software,
  title     = {Software Studies: A Lexicon},
  author    = {Matthew Fuller},
  publisher = {The MIT Press},
  isbn      = {9780262062749,0262062747},
  year      = {2008},
  series    = {Leonardo Books},
  edition   = {illustrated edition},
  url       = {https://mitpress.mit.edu/9780262062749/software-studies/}
}

@inproceedings{mateas2005darkly,
  author    = {Mateas, Michael and Montfort, Nick},
  booktitle = {6th Digital Arts and Culture Conference},
  title     = {A Box, Darkly: Obfuscation, Weird Languages, and Code Aesthetics},
  year      = {2005},
  month     = {dec},
  day       = {1-3},
  pages     = {144-153},
  url       = {https://eis.ucsc.edu/papers/a_box_darkly.pdf}
}

@misc{false,
  title   = {The FALSE Programming Language},
  url     = {https://strlen.com/false-language/},
  journal = {strlen.com},
  author  = {Wouter van Oortmerssen},
  year    = {2010}
}

@misc{brainfuck,
  title   = {Brainfuck},
  url     = {http://aminet.net/package/dev/lang/brainfuck-2},
  journal = {aminet},
  author  = {Urban M\"{u}ller},
  year    = {1993}
}

@misc{intercal,
  title   = {The INTERCAL Resources Page},
  url     = {http://www.catb.org/~esr/intercal/},
  journal = {Eric S. Raymond's Home Page },
  author  = {Eric S. Raymond},
  year    = {2003}
}

@book{mccarthy1962lisp,
  title     = {LISP 1.5 Programmer's Manual},
  author    = {McCarthy, John and Abrahams, Paul W. and Edwards, Daniel J. and Hart, Timothy P. and Levin,  Michael I.},
  publisher = {The MIT Press},
  isbn      = {9780262130110},
  year      = {1962},
  url       = {https://mitpress.mit.edu/9780262130110/lisp-1-5-programmers-manual/}
}

@article{chamberlin2012historysql,
  author  = {Chamberlin, Donald D.},
  journal = {IEEE Annals of the History of Computing},
  title   = {Early History of SQL},
  year    = {2012},
  volume  = {34},
  number  = {4},
  pages   = {78-82},
  doi     = {10.1109/MAHC.2012.61}
}

@inproceedings{kay1993smalltalk,
  author    = {Kay, Alan C.},
  title     = {The Early History of Smalltalk},
  year      = {1993},
  isbn      = {0897915704},
  publisher = {Association for Computing Machinery},
  address   = {New York, NY, USA},
  url       = {https://doi.org/10.1145/154766.155364},
  doi       = {10.1145/154766.155364},
  booktitle = {The Second ACM SIGPLAN Conference on History of Programming Languages},
  pages     = {69–95},
  numpages  = {27},
  location  = {Cambridge, Massachusetts, USA},
  series    = {HOPL-II}
}

@manual{sql-1999,
  key   = {SQL:1999},
  title = {{SQL:1999 Standard}. {Database} {Languages}--{SQL}--{Part 2}: {Foundation}},
  note  = {{ISO/IEC}~9075-2:1999},
  year  = {1999}
}

@inproceedings{trampolinedstyle,
  author    = {Ganz, Steven E. and Friedman, Daniel P. and Wand, Mitchell},
  title     = {Trampolined Style},
  year      = {1999},
  isbn      = {1581131119},
  publisher = {Association for Computing Machinery},
  address   = {New York, NY, USA},
  url       = {https://doi.org/10.1145/317636.317779},
  doi       = {10.1145/317636.317779},
  booktitle = {Proceedings of the Fourth ACM SIGPLAN International Conference on Functional Programming},
  pages     = {18–27},
  numpages  = {10},
  location  = {Paris, France},
  series    = {ICFP '99}
}

